
@online{eng-logbook,
	title = {Science and Engineering fieldwork, placement and industry project portal},
	url = {https://students.curtin.edu.au/experience/industry/science-engineering/portal/},
	titleaddon = {Current Students},
	type = {Text},
	author = {Scott, Katy},
	urldate = {2021-11-21},
	date = {2021-07-14},
	langid = {english},
	file = {Snapshot:C\:\\Users\\hazza\\Zotero\\storage\\SGF4MKFP\\portal.html:text/html}
}

@online{pert,
	title={PERT chart},
	url={https://www.project-risk-manager.com/blog/pert-vs-cpm/},
	titleaddon={Project Risk Manager},
	author={Shuttleworth, Mike},
	urldate={2021-11-25},
	date={2017-07-10},
	langid={english}
}

@online{cpm,
	title={CPM chart},
	url={https://www.project-risk-manager.com/blog/pert-vs-cpm/},
	titleaddon={Project Risk Manager},
	author={Shuttleworth, Mike},
	urldate={2021-11-25},
	date={2017-07-10},
	langid={english}
}

@online{http1-vs-http2,
	title = {Benefits of {REST} {APIs} With {HTTP}/2 - {DZone} Integration},
	url = {https://dzone.com/articles/benefits-of-rest-apis-with-http2},
	abstract = {An integration expert looks at how {HTTP}/2 affects {REST} {APIs}, including performance and security, and {APIs} ability to integrate with your site or database.},
	titleaddon = {dzone.com},
	author = {Levin, Guy},
	urldate = {2021-11-21},
	date = {2018-01-09},
	langid = {english},
	file = {Snapshot:C\:\\Users\\hazza\\Zotero\\storage\\DZEAINFU\\benefits-of-rest-apis-with-http2.html:text/html}
}

@online{oop-encapsulation,
	title = {Encapsulation In Java With Realtime Example},
	url = {https://www.dotnettutorial.co.in/2018/05/encapsulation-in-java-with-realtime-example.html},
	author = {Yadav, Sanjay},
	urldate = {2021-11-21},
	file = {Encapsulation In Java With Realtime Example:C\:\\Users\\hazza\\Zotero\\storage\\BDXP4W4A\\encapsulation-in-java-with-realtime-example.html:text/html}
}

@online{google-docstring,
	title = {styleguide},
	url = {https://google.github.io/styleguide/pyguide.html},
	abstract = {Style guides for Google-originated open-source projects},
	titleaddon = {styleguide},
	author = {{Google}},
	urldate = {2021-11-21},
	langid = {american},
	file = {Snapshot:C\:\\Users\\hazza\\Zotero\\storage\\PTWY6Y62\\pyguide.html:text/html}
}

@online{codecademy-python,
	title = {Python Courses \& Tutorials},
	url = {https://www.codecademy.com/catalog/language/python},
	abstract = {Python is a general-purpose, versatile, and powerful programming language. It’s a great first language because it's concise and easy to read. Whatever you want to do, Python can do it. From web development to machine learning to data science, Python is the language for you.},
	titleaddon = {Codecademy},
	author = {{Codecademy}},
	urldate = {2021-11-21},
	langid = {english},
	file = {Snapshot:C\:\\Users\\hazza\\Zotero\\storage\\V9BX4S9G\\python.html:text/html}
}

@online{w3-schools-python,
	title = {Python Tutorial},
	url = {https://www.w3schools.com/python/default.asp},
	abstract = {W3Schools offers free online tutorials, references and exercises in all the major languages of the web. Covering popular subjects like {HTML}, {CSS}, {JavaScript}, Python, {SQL}, Java, and many, many more.},
	author = {W3Schools},
	urldate = {2021-11-21},
	langid = {american},
	file = {Snapshot:C\:\\Users\\hazza\\Zotero\\storage\\IKAU724W\\default.html:text/html}
}

@online{learn-python,
	title = {Learn Python - Free Interactive Python Tutorial},
	url = {https://www.learnpython.org},
	abstract = {learnpython.org is a free interactive Python tutorial for people who want to learn Python, fast.},
	author = {{DataCamp}},
	urldate = {2021-11-21},
	langid = {english},
	file = {Snapshot:C\:\\Users\\hazza\\Zotero\\storage\\42JY55PK\\www.learnpython.org.html:text/html}
}

@online{tutorialspoint-python,
	title = {Python Tutorial},
	url = {https://www.tutorialspoint.com/python/index.htm},
	author = {{TutorialsPoint}},
	urldate = {2021-11-21},
	file = {Python Tutorial:C\:\\Users\\hazza\\Zotero\\storage\\E74DEF4X\\index.html:text/html}
}

@online{numpy,
	title = {{NumPy}},
	url = {https://numpy.org/},
	author = {Berg, Sebastian and Gommers, Ralf and Harris, Charles and Hoyer, Stephen and Mendonca, Melissa Weber and Pawson, Inessa and Picus, Matti and Walt, Stefan van der and Wieser, Eric},
	urldate = {2021-11-21},
	file = {NumPy:C\:\\Users\\hazza\\Zotero\\storage\\X2R9ULK3\\numpy.org.html:text/html}
}

@online{pandas,
	title = {pandas - Python Data Analysis Library},
	url = {https://pandas.pydata.org/},
	author = {{AQR Capital Management}},
	urldate = {2021-11-21},
	file = {pandas - Python Data Analysis Library:C\:\\Users\\hazza\\Zotero\\storage\\8ZB9PXQM\\pandas.pydata.org.html:text/html}
}

@online{http-message,
	title = {{HTTP}/1.1: {HTTP} Message},
	url = {https://www.w3.org/Protocols/rfc2616/rfc2616-sec4.html#sec4},
	titleaddon = {Hypertext Transfer Protocol -- {HTTP}/1.1},
	author = {Fielding, R. and Irvine, UC and Gettys, J. and {Compaq/W3C} and Mogul, J. and Frystyk, H. and Masinter, L. and {Xerox} and Leach, P. and {Microsoft} and Berners-Lee, T.},
	urldate = {2021-11-21},
	date = {1999-06},
	file = {HTTP/1.1\: HTTP Message:C\:\\Users\\hazza\\Zotero\\storage\\VV76TKS3\\rfc2616-sec4.html:text/html}
}

@online{http-response,
	title = {{HTTP}/1.1: Response},
	url = {https://www.w3.org/Protocols/rfc2616/rfc2616-sec6.html#sec6},
	titleaddon = {Hypertext Transfer Protocol -- {HTTP}/1.1},
	author = {Fielding, R. and Irvine, UC and Gettys, J. and {Compaq/W3C} and Mogul, J. and Frystyk, H. and Masinter, L. and {Xerox} and Leach, P. and {Microsoft} and Berners-Lee, T.},
	urldate = {2021-11-21},
	date = {1999-06},
	file = {HTTP/1.1\: Response:C\:\\Users\\hazza\\Zotero\\storage\\QDYM64UL\\rfc2616-sec6.html:text/html}
}

@online{http-methods,
	title = {{HTTP}/1.1: Method Definitions},
	url = {https://www.w3.org/Protocols/rfc2616/rfc2616-sec9.html#sec9},
	titleaddon = {Hypertext Transfer Protocol -- {HTTP}/1.1},
	author = {Fielding, R. and Irvine, UC and Gettys, J. and {Compaq/W3C} and Mogul, J. and Frystyk, H. and Masinter, L. and {Xerox} and Leach, P. and {Microsoft} and Berners-Lee, T.},
	urldate = {2021-11-21},
	file = {HTTP/1.1\: Method Definitions:C\:\\Users\\hazza\\Zotero\\storage\\832GY2R2\\rfc2616-sec9.html:text/html}
}

@online{http-0-9,
	title = {Summary of {HTTP} 0.9},
	url = {https://www.w3.org/DesignIssues/HTTP0.9Summary.html},
	titleaddon = {W3C},
	author = {Berners-Lee, T.},
	urldate = {2021-11-21},
	file = {HTTP0.9 Summary -- /DesignIssues:C\:\\Users\\hazza\\Zotero\\storage\\4CB2PLFN\\HTTP0.9Summary.html:text/html}
}

@online{http2,
	title = {{RFC}7540},
	url = {https://httpwg.org/specs/rfc7540.html},
	abstract = {Hypertext Transfer Protocol Version 2 ({HTTP}/2)},
	titleaddon = {{IETF} {HTTP} Working Group Specifications},
	author = {Belshe, M. and Peon, R. and Thomson, M.},
	urldate = {2021-11-21},
	date = {2015-05},
	langid = {english},
	file = {Snapshot:C\:\\Users\\hazza\\Zotero\\storage\\FNFDCNJ8\\rfc7540.html:text/html}
}

@online{oauth2-fig,
	title = {{OAuth}2},
	url = {https://developers.crossknowledge.com/oauth2.html},
	titleaddon = {{CrossKnowledge}},
	author = {{CrossKnowledge}},
	urldate = {2021-11-21},
	date = {2017},
	file = {OAuth2 | ...:C\:\\Users\\hazza\\Zotero\\storage\\HHRRXG82\\oauth2.html:text/html}
}

@article{google-api,
	title = {Why Google stores billions of lines of code in a single repository},
	volume = {59},
	issn = {0001-0782, 1557-7317},
	url = {https://dl.acm.org/doi/10.1145/2854146},
	doi = {10.1145/2854146},
	abstract = {Google's monolithic repository provides a common source of truth for tens of thousands of developers around the world.},
	pages = {78--87},
	number = {7},
	journaltitle = {Communications of the {ACM}},
	shortjournal = {Commun. {ACM}},
	author = {Potvin, Rachel and Levenberg, Josh},
	urldate = {2021-11-21},
	date = {2016-06-24},
	langid = {english},
	file = {Full Text:C\:\\Users\\hazza\\Zotero\\storage\\UMU26S6P\\Potvin and Levenberg - 2016 - Why Google stores billions of lines of code in a s.pdf:application/pdf}
}

@online{json,
	title = {{JSON}},
	url = {https://www.json.org/json-en.html},
	urldate = {2021-11-21},
	file = {JSON:C\:\\Users\\hazza\\Zotero\\storage\\NZ7TY685\\json-en.html:text/html}
}

@online{mailchimp-api-key,
	title = {About {API} Keys},
	url = {https://mailchimp.com/help/about-api-keys/},
	abstract = {{API} keys allow other apps access to your account without a password. Learn how to locate and generate {API} keys for your Mailchimp Marketing account.},
	titleaddon = {Mailchimp},
	author = {{Mailchimp}},
	urldate = {2021-11-21},
	langid = {english},
	file = {Snapshot:C\:\\Users\\hazza\\Zotero\\storage\\I8IT5VNJ\\about-api-keys.html:text/html}
}

@online{mailchimp-first-api-call,
	title = {Marketing {API} Quick Start Guide},
	url = {https://mailchimp.com/developer/marketing/guides/quick-start/#make-your-first-api-call},
	abstract = {Use this guide to start using the Mailchimp Marketing {API}. Learn how to generate your {API} key, install the client library, and make your first {API} call.},
	author = {{Mailchimp}},
	urldate = {2021-11-21},
	langid = {english},
	file = {Snapshot:C\:\\Users\\hazza\\Zotero\\storage\\RXAYWVMZ\\quick-start.html:text/html}
}

@online{oauth2,
	title = {{OAuth} 2.0 — {OAuth}},
	url = {https://oauth.net/2/},
	titleaddon = {{OAuth} 2.0},
	author = {Parecki, Aaron},
	urldate = {2021-11-21},
	file = {OAuth 2.0 — OAuth:C\:\\Users\\hazza\\Zotero\\storage\\RTC5JBST\\2.html:text/html}
}

@online{mailchimp-add-folder,
	title = {Add folder},
	url = {https://mailchimp.com/developer/marketing/api/file-manager-folders/add-folder/},
	abstract = {Manage files for your Mailchimp account. The File Manager is a place to store images, documents, and other files you include or link to in your campaigns, templates, or signup forms.},
	author = {{Mailchimp}},
	urldate = {2021-11-21},
	langid = {english},
	file = {Snapshot:C\:\\Users\\hazza\\Zotero\\storage\\76ME4NU9\\add-folder.html:text/html}
}

@online{mailchimp-add-file,
	title = {Add file},
	url = {https://mailchimp.com/developer/marketing/api/file-manager-files/add-file/},
	abstract = {Manage specific files in the File Manager for your Mailchimp account.},
	author = {{Mailchimp}},
	urldate = {2021-11-21},
	langid = {english},
	file = {Snapshot:C\:\\Users\\hazza\\Zotero\\storage\\E6555MVP\\add-file.html:text/html}
}

@online{mailchimp-batch,
	title = {Run Async Requests with the Batch Endpoint Guide},
	url = {https://mailchimp.com/developer/marketing/guides/run-async-requests-batch-endpoint/},
	abstract = {Scale large or long-running calls to the Marketing {API} with batch requests.},
	author = {{Mailchimp}},
	urldate = {2021-11-21},
	langid = {english},
	file = {Snapshot:C\:\\Users\\hazza\\Zotero\\storage\\VDGJ83VL\\run-async-requests-batch-endpoint.html:text/html}
}

@online{mailchimp-update-member,
	title = {Add or update list member},
	url = {https://mailchimp.com/developer/marketing/api/list-members/add-or-update-list-member/},
	abstract = {Manage members of a specific Mailchimp list, including currently subscribed, unsubscribed, and bounced members.},
	author = {{Mailchimp}},
	urldate = {2021-11-21},
	langid = {english},
	file = {Snapshot:C\:\\Users\\hazza\\Zotero\\storage\\J64XP85U\\add-or-update-list-member.html:text/html}
}

@online{curses-python,
	title = {Curses Programming with Python},
	url = {https://docs.python.org/3/howto/curses.html},
	titleaddon = {Python},
	author = {Kuchling, A.M. and Raymond, Eric S.},
	urldate = {2021-11-21},
	file = {Curses Programming with Python — Python 3.10.0 documentation:C\:\\Users\\hazza\\Zotero\\storage\\78YSGNM7\\curses.html:text/html}
}

@online{ncurses,
	title = {Announcing ncurses 6.3},
	url = {https://invisible-island.net/ncurses/announce.html},
	author = {Raymond, Eric S.},
	urldate = {2021-11-21},
	file = {Announcing ncurses 6.3:C\:\\Users\\hazza\\Zotero\\storage\\PYBV4DV7\\announce.html:text/html}
}

@online{curses-api,
	title = {Curses {API} / Useful Notes},
	url = {https://tvtropes.org/pmwiki/pmwiki.php/UsefulNotes/CursesAPI},
	abstract = {Curses (pun on cursor optimization) is an Application Programming Interface for Unix operating systems, conceived by Ken Arnold for the creation of text user interfaces ({TUI}) for applications on terminals. Consequently, this library is much used …},
	titleaddon = {{TV} Tropes},
	author = {{TV Tropes}},
	urldate = {2021-11-21},
	file = {Snapshot:C\:\\Users\\hazza\\Zotero\\storage\\88SJDR62\\CursesAPI.html:text/html}
}

@online{qt,
	title = {Qt {\textbar} Cross-platform software development for embedded \& desktop},
	url = {https://www.qt.io},
	abstract = {Qt is the faster, smarter way to create innovative devices, modern {UIs} \& applications for multiple screens. Cross-platform software development at its best.},
	author = {{Qt Group}},
	urldate = {2021-11-21},
	langid = {english},
	file = {Snapshot:C\:\\Users\\hazza\\Zotero\\storage\\PWAMCEEI\\www.qt.io.html:text/html}
}

@online{wxwidgets,
	title = {{wxWidgets}: Cross-Platform {GUI} Library},
	url = {https://www.wxwidgets.org/},
	urldate = {2021-11-21},
	file = {wxWidgets\: Cross-Platform GUI Library:C\:\\Users\\hazza\\Zotero\\storage\\HQNLAFZN\\www.wxwidgets.org.html:text/html}
}

@online{tkinter,
	title = {tkinter — Python interface to Tcl/Tk — Python 3.10.0 documentation},
	url = {https://docs.python.org/3/library/tkinter.html},
	author = {{Python Software Foundation}},
	urldate = {2021-11-21},
	file = {tkinter — Python interface to Tcl/Tk — Python 3.10.0 documentation:C\:\\Users\\hazza\\Zotero\\storage\\BYV2H8LW\\tkinter.html:text/html}
}

@online{pysimplegui,
	title = {{PySimpleGUI}},
	url = {https://pysimplegui.readthedocs.io/en/latest/},
	author = {{PySimplyGUI}},
	urldate = {2021-11-21}
}

@online{kivy,
	title = {Kivy},
	url = {https://kivy.org/#home},
	titleaddon = {Kivy},
	author = {Virbel, Mathieu and Pettier, Gabriel and Arora, Akshay and Taylor, Alexander and Einhorn, Matthew and Larkin, Richard and Miras, Andre and Galimberti, Mirko},
	urldate = {2021-11-21},
	file = {Kivy\: Cross-platform Python Framework for NUI Development:C\:\\Users\\hazza\\Zotero\\storage\\ZUAJLT64\\kivy.org.html:text/html}
}

@online{pyqt,
	title = {Learn Python {PyQt} {\textbar} Learn Python {PyQt}},
	url = {https://pythonpyqt.com/},
	author = {{Qt Group}},
	urldate = {2021-11-21},
	file = {Learn Python PyQt | Learn Python PyQt:C\:\\Users\\hazza\\Zotero\\storage\\R8NDUVDF\\pythonpyqt.com.html:text/html}
}

@online{wxpython,
	title = {Welcome to {wxPython}!},
	url = {https://wxpython.org/index.html},
	abstract = {All about {wxPython}, the cross-platform {GUI} toolkit for the Python language},
	titleaddon = {{wxPython}},
	author = {{The wxPython Team}},
	urldate = {2021-11-21},
	date = {2019-12-24},
	langid = {english},
	file = {Snapshot:C\:\\Users\\hazza\\Zotero\\storage\\727UX63D\\www.wxpython.org.html:text/html}
}

@online{git-short-history,
	title = {Git - A Short History of Git},
	url = {https://git-scm.com/book/en/v2/Getting-Started-A-Short-History-of-Git},
	author = {Chacon, Scott and Long, Jason},
	urldate = {2021-11-21},
	file = {Git - A Short History of Git:C\:\\Users\\hazza\\Zotero\\storage\\6V645ISJ\\Getting-Started-A-Short-History-of-Git.html:text/html}
}

@online{git-flow,
	title = {How to use git flow · Camping Coder},
	url = {https://www.campingcoder.com/2018/04/how-to-use-git-flow/},
	abstract = {Having trouble learning git or need a place to start? In this installment in our git series, we take a look at the git flow pattern.  It's one pattern really worth looking into, especially if your just learning.},
	titleaddon = {Camping Coder},
	author = {{Camping Coder}},
	urldate = {2021-11-21},
	date = {2018-04-05},
	langid = {english},
	file = {Snapshot:C\:\\Users\\hazza\\Zotero\\storage\\L8A7PH22\\how-to-use-git-flow.html:text/html}
}

@online{python-style,
	title = {{PEP} 8 -- Style Guide for Python Code},
	url = {https://www.python.org/dev/peps/pep-0008/},
	abstract = {The official home of the Python Programming Language},
	titleaddon = {Python.org},
	author = {{Python Software Foundation}},
	urldate = {2021-11-21},
	langid = {english},
	file = {Snapshot:C\:\\Users\\hazza\\Zotero\\storage\\9QEUDGLB\\pep-0008.html:text/html}
}

@online{python-docstring,
	title = {{PEP} 257 -- Docstring Conventions},
	url = {https://www.python.org/dev/peps/pep-0257/},
	abstract = {The official home of the Python Programming Language},
	titleaddon = {Python.org},
	author = {{Python Software Foundation}},
	urldate = {2021-11-21},
	langid = {english},
	file = {Snapshot:C\:\\Users\\hazza\\Zotero\\storage\\6WE55EQP\\pep-0257.html:text/html}
}

@online{sphinx,
	title = {Overview — Sphinx documentation},
	url = {https://www.sphinx-doc.org/en/master/},
	type = {Sphinx},
	author = {Brandl, Georg},
	urldate = {2021-11-21},
	file = {Overview — Sphinx documentation:C\:\\Users\\hazza\\Zotero\\storage\\D8W88VG9\\master.html:text/html}
}

@online{rst,
	title = {{reStructuredText} Primer},
	url = {https://www.sphinx-doc.org/en/master/usage/restructuredtext/basics.html},
	author = {Brandl, Georg},
	urldate = {2021-11-21},
	file = {reStructuredText Primer — Sphinx documentation:C\:\\Users\\hazza\\Zotero\\storage\\K6RQNFH6\\basics.html:text/html}
}

@online{sphinx-napolean,
	title = {sphinx.ext.napoleon – Support for {NumPy} and Google style docstrings},
	url = {https://www.sphinx-doc.org/en/master/usage/extensions/napoleon.html},
	titleaddon = {Sphinx},
	author = {Brandl, Georg},
	urldate = {2021-11-21},
	file = {sphinx.ext.napoleon – Support for NumPy and Google style docstrings — Sphinx documentation:C\:\\Users\\hazza\\Zotero\\storage\\P6HNMEI2\\napoleon.html:text/html}
}

@online{makefile,
	title = {Makefile Tutorial by Example},
	url = {https://makefiletutorial.com},
	abstract = {Makefile Tutorial by Example},
	titleaddon = {Makefile Tutorial},
	author = {{theicfire}},
	urldate = {2021-11-21},
	date = {2021},
	langid = {english},
	file = {Snapshot:C\:\\Users\\hazza\\Zotero\\storage\\4K3EAI6Q\\makefiletutorial.com.html:text/html}
}

@online{chocolatey,
	title = {{GNU} make 4.3},
	url = {https://community.chocolatey.org/packages/make},
	abstract = {{GNU} Make is a tool which controls the generation of executables and other non-source files of a program from the program's source files. Make gets its knowledge of how to build your program from a file called the makefile, which lists each of the non-source files and how to compute it from other files. When you write a program, you should write a makefile for it, so that it is possible to use Make to build and install the program},
	titleaddon = {Chocolatey Software},
	author = {{kareemsultan} and {xoviat}},
	urldate = {2021-11-21},
	date = {2020-01-27},
	langid = {english},
	file = {Snapshot:C\:\\Users\\hazza\\Zotero\\storage\\SJEQ6H42\\make.html:text/html}
}

@online{python-assert,
	title = {The assert statement},
	url = {https://docs.python.org/3/reference/simple_stmts.html#the-assert-statement},
	author = {{Python Software Foundation}},
	urldate = {2021-11-21},
	date = {2021},
	file = {7. Simple statements — Python 3.10.0 documentation:C\:\\Users\\hazza\\Zotero\\storage\\I3N2EPB3\\simple_stmts.html:text/html}
}

@online{pytest,
	title = {pytest: helps you write better programs},
	url = {https://docs.pytest.org/en/6.2.x/},
	titleaddon = {{PyTest}},
	author = {Krekel, Holger},
	urldate = {2021-11-21},
	date = {2021},
	file = {pytest\: helps you write better programs — pytest documentation:C\:\\Users\\hazza\\Zotero\\storage\\IVFAD3L4\\6.2.x.html:text/html}
}

@online{python-mock,
	title = {unittest.mock — mock object library},
	url = {https://docs.python.org/3/library/unittest.mock.html},
	author = {{Python Software Foundation}},
	urldate = {2021-11-21},
	file = {unittest.mock — mock object library — Python 3.10.0 documentation:C\:\\Users\\hazza\\Zotero\\storage\\KU9GI2SR\\unittest.mock.html:text/html}
}

@software{pytest-mock,
	title = {pytest-mock},
	rights = {{MIT}},
	url = {https://github.com/pytest-dev/pytest-mock},
	abstract = {Thin-wrapper around the mock package for easier use with pytest},
	publisher = {pytest-dev},
	author = {Krekel, Holger},
	urldate = {2021-11-21},
	date = {2021-11-19},
	note = {original-date: 2014-07-17T00:40:32Z},
	keywords = {hacktoberfest, mock, pytest}
}